@article{DBLP:journals/corr/GrossePM0M16,
  author    = {Kathrin Grosse and
               Nicolas Papernot and
               Praveen Manoharan and
               Michael Backes and
               Patrick D. McDaniel},
  title     = {Adversarial Perturbations Against Deep Neural Networks for Malware
               Classification},
  journal   = {CoRR},
  volume    = {abs/1606.04435},
  year      = {2016},
  url       = {http://arxiv.org/abs/1606.04435},
  archivePrefix = {arXiv},
  eprint    = {1606.04435},
  timestamp = {Mon, 13 Aug 2018 16:47:14 +0200},
  biburl    = {https://dblp.org/rec/bib/journals/corr/GrossePM0M16},
  bibsource = {dblp computer science bibliography, https://dblp.org}
}
@INPROCEEDINGS{MNIST,
	author = {Yann Lecun and LÃ©on Bottou and Yoshua Bengio and Patrick Haffner},
	title = {Gradient-based learning applied to document recognition},
	booktitle = {Proceedings of the IEEE},
	year = {1998},
	pages = {2278--2324}
}

@article{Fashion_MNIST,
	author    = {Han Xiao and Kashif Rasul and Roland Vollgraf},
	title     = {Fashion-MNIST: a Novel Image Dataset for Benchmarking Machine Learning
	Algorithms},
	journal   = {CoRR},
	volume    = {abs/1708.07747},
	year      = {2017},
	url       = {http://arxiv.org/abs/1708.07747},
	archivePrefix = {arXiv},
	eprint    = {1708.07747},
	timestamp = {Mon, 13 Aug 2018 16:47:27 +0200},
	biburl    = {https://dblp.org/rec/bib/journals/corr/abs-1708-07747},
	bibsource = {dblp computer science bibliography, https://dblp.org}
}

@article{DeepXplore,
	author    = {Kexin Pei and Yinzhi Cao and Junfeng Yang and Suman Jana},
	title     = {DeepXplore: Automated Whitebox Testing of Deep Learning Systems},
	journal   = {CoRR},
	volume    = {abs/1705.06640},
	year      = {2017},
	url       = {http://arxiv.org/abs/1705.06640},
	archivePrefix = {arXiv},
	eprint    = {1705.06640},
	timestamp = {Mon, 13 Aug 2018 16:48:23 +0200},
	biburl    = {https://dblp.org/rec/bib/journals/corr/PeiCYJ17},
	bibsource = {dblp computer science bibliography, https://dblp.org}
}

@ARTICLE{speech-processing, 
	author={G. {Hinton} and L. {Deng} and D. {Yu} and G. E. {Dahl} and A. {Mohamed} and N. {Jaitly} and A. {Senior} and V. {Vanhoucke} and P. {Nguyen} and T. N. {Sainath} and B. {Kingsbury}}, 
	journal={IEEE Signal Processing Magazine}, 
	title={Deep Neural Networks for Acoustic Modeling in Speech Recognition: The Shared Views of Four Research Groups}, 
	year={2012}, 
	volume={29}, 
	number={6}, 
	pages={82-97}, 
	keywords={feedforward neural nets;Gaussian processes;hidden Markov models;speech recognition;deep neural networks;acoustic modeling;speech recognition;hidden Markov models;temporal variability;Gaussian mixture models;feed-forward neural network;posterior probabilities;HMM states;Automatic speech recognition;Speech recognition;Hidden Markov models;Training;Gaussian processes;Acoustics;Neural networks;Data models}, 
	doi={10.1109/MSP.2012.2205597}, 
	ISSN={}, 
	month={Nov},}

@INPROCEEDINGS{image-processing, 
	author={D. {Ciregan} and U. {Meier} and J. {Schmidhuber}}, 
	booktitle={2012 IEEE Conference on Computer Vision and Pattern Recognition}, 
	title={Multi-column deep neural networks for image classification}, 
	year={2012}, 
	volume={}, 
	number={}, 
	pages={3642-3649}, 
	keywords={graphics processing units;handwritten character recognition;image classification;image recognition;learning (artificial intelligence);neural nets;multicolumn deep neural networks;image classification;computer vision;machine learning;human performance;handwritten digits recognition;traffic signs;artificial neural network architectures;convolutional winner-take-all neurons;retina;visual cortex;sparsely connected neural layers;graphics cards;fast training;MNIST handwriting benchmark;traffic sign recognition benchmark;Training;Error analysis;Neurons;Computer architecture;Benchmark testing;Graphics processing unit}, 
	doi={10.1109/CVPR.2012.6248110}, 
	ISSN={}, 
	month={June},}

@INPROCEEDINGS{medical-diagnosis,
	title = {Deep Neural Networks Segment Neuronal Membranes in Electron Microscopy Images},
	author = {Dan Ciresan and Alessandro Giusti and Luca M. Gambardella and Schmidhuber, J\"{u}rgen},
	booktitle = {Advances in Neural Information Processing Systems 25},
	editor = {F. Pereira and C. J. C. Burges and L. Bottou and K. Q. Weinberger},
	pages = {2843--2851},
	year = {2012},
	publisher = {Curran Associates, Inc.},
	url = {http://papers.nips.cc/paper/4741-deep-neural-networks-segment-neuronal-membranes-in-electron-microscopy-images.pdf}
}

@inproceedings{Z3,
	author = {De Moura, Leonardo and Bj{\o}rner, Nikolaj},
	title = {Z3: An Efficient SMT Solver},
	booktitle = {Proceedings of the Theory and Practice of Software, 14th International Conference on Tools and Algorithms for the Construction and Analysis of Systems},
	series = {TACAS'08/ETAPS'08},
	year = {2008},
	isbn = {3-540-78799-2, 978-3-540-78799-0},
	location = {Budapest, Hungary},
	pages = {337--340},
	numpages = {4},
	url = {http://dl.acm.org/citation.cfm?id=1792734.1792766},
	acmid = {1792766},
	publisher = {Springer-Verlag},
	address = {Berlin, Heidelberg},
} 
@inproceedings{smtinterpol,
	author    = {Jochen Hoenicke and
	Tanja Schindler},
	editor    = {Constantin Enea and
	Ruzica Piskac},
	title     = {Solving and Interpolating Constant Arrays Based on Weak Equivalences},
	booktitle = {Verification, Model Checking, and Abstract Interpretation - 20th International
	Conference, {VMCAI} 2019, Cascais, Portugal, January 13-15, 2019,
	Proceedings},
	series    = {Lecture Notes in Computer Science},
	volume    = {11388},
	pages     = {297--317},
	publisher = {Springer},
	year      = {2019},
	url       = {https://doi.org/10.1007/978-3-030-11245-5\_14},
	doi       = {10.1007/978-3-030-11245-5\_14},
	timestamp = {Tue, 14 May 2019 10:00:43 +0200},
	biburl    = {https://dblp.org/rec/bib/conf/vmcai/HoenickeS19},
	bibsource = {dblp computer science bibliography, https://dblp.org}
}

@article{deep-gauge,
	author    = {Lei Ma and
	Felix Juefei{-}Xu and
	Jiyuan Sun and
	Chunyang Chen and
	Ting Su and
	Fuyuan Zhang and
	Minhui Xue and
	Bo Li and
	Li Li and
	Yang Liu and
	Jianjun Zhao and
	Yadong Wang},
	title     = {DeepGauge: Comprehensive and Multi-Granularity Testing Criteria for
	Gauging the Robustness of Deep Learning Systems},
	journal   = {CoRR},
	volume    = {abs/1803.07519},
	year      = {2018},
	url       = {http://arxiv.org/abs/1803.07519},
	archivePrefix = {arXiv},
	eprint    = {1803.07519},
	timestamp = {Wed, 31 Jul 2019 17:16:29 +0200},
	biburl    = {https://dblp.org/rec/bib/journals/corr/abs-1803-07519},
	bibsource = {dblp computer science bibliography, https://dblp.org}
}

@article{deeptest,
	author    = {Yuchi Tian and
	Kexin Pei and
	Suman Jana and
	Baishakhi Ray},
	title     = {DeepTest: Automated Testing of Deep-Neural-Network-driven Autonomous
	Cars},
	journal   = {CoRR},
	volume    = {abs/1708.08559},
	year      = {2017},
	url       = {http://arxiv.org/abs/1708.08559},
	archivePrefix = {arXiv},
	eprint    = {1708.08559},
	timestamp = {Mon, 13 Aug 2018 16:47:25 +0200},
	biburl    = {https://dblp.org/rec/bib/journals/corr/abs-1708-08559},
	bibsource = {dblp computer science bibliography, https://dblp.org}
}

@article{concolic-testing,
	author    = {Youcheng Sun and
	Min Wu and
	Wenjie Ruan and
	Xiaowei Huang and
	Marta Kwiatkowska and
	Daniel Kroening},
	title     = {Concolic Testing for Deep Neural Networks},
	journal   = {CoRR},
	volume    = {abs/1805.00089},
	year      = {2018},
	url       = {http://arxiv.org/abs/1805.00089},
	archivePrefix = {arXiv},
	eprint    = {1805.00089},
	timestamp = {Mon, 13 Aug 2018 16:48:40 +0200},
	biburl    = {https://dblp.org/rec/bib/journals/corr/abs-1805-00089},
	bibsource = {dblp computer science bibliography, https://dblp.org}
}

@article{deeproad,
	author    = {Mengshi Zhang and
	Yuqun Zhang and
	Lingming Zhang and
	Cong Liu and
	Sarfraz Khurshid},
	title     = {DeepRoad: GAN-based Metamorphic Autonomous Driving System Testing},
	journal   = {CoRR},
	volume    = {abs/1802.02295},
	year      = {2018},
	url       = {http://arxiv.org/abs/1802.02295},
	archivePrefix = {arXiv},
	eprint    = {1802.02295},
	timestamp = {Mon, 13 Aug 2018 16:48:13 +0200},
	biburl    = {https://dblp.org/rec/bib/journals/corr/abs-1802-02295},
	bibsource = {dblp computer science bibliography, https://dblp.org}
}

@INPROCEEDINGS{deepct, 
	author={L. {Ma} and F. {Juefei-Xu} and M. {Xue} and B. {Li} and L. {Li} and Y. {Liu} and J. {Zhao}}, 
	booktitle={2019 IEEE 26th International Conference on Software Analysis, Evolution and Reengineering (SANER)}, 
	title={DeepCT: Tomographic Combinatorial Testing for Deep Learning Systems}, 
	year={2019}, 
	volume={}, 
	number={}, 
	pages={614-618}, 
	keywords={combinatorial mathematics;learning (artificial intelligence);neural nets;program testing;software fault tolerance;tomographic combinatorial testing;deep learning systems;testing techniques;test generation;DL system testing;defect detection;deep neural networks;Neurons;Computed tomography;Robustness;Convolution;Deep learning;combinatorial testing;robustness}, 
	doi={10.1109/SANER.2019.8668044}, 
	ISSN={}, 
	month={Feb},}

@inproceedings{coverage-limiation,
	author = {Li, Zenan and Ma, Xiaoxing and Xu, Chang and Cao, Chun},
	title = {Structural Coverage Criteria for Neural Networks Could Be Misleading},
	booktitle = {Proceedings of the 41st International Conference on Software Engineering: New Ideas and Emerging Results},
	series = {ICSE-NIER '19},
	year = {2019},
	location = {Montreal, Quebec, Canada},
	pages = {89--92},
	numpages = {4},
	url = {https://doi.org/10.1109/ICSE-NIER.2019.00031},
	doi = {10.1109/ICSE-NIER.2019.00031},
	acmid = {3339171},
	publisher = {IEEE Press},
	address = {Piscataway, NJ, USA},
	keywords = {coverage, neural networks, software testing},
} 

@inproceedings{gan,
	author = {Goodfellow, Ian J. and Pouget-Abadie, Jean and Mirza, Mehdi and Xu, Bing and Warde-Farley, David and Ozair, Sherjil and Courville, Aaron and Bengio, Yoshua},
	title = {Generative Adversarial Nets},
	booktitle = {Proceedings of the 27th International Conference on Neural Information Processing Systems - Volume 2},
	series = {NIPS'14},
	year = {2014},
	location = {Montreal, Canada},
	pages = {2672--2680},
	numpages = {9},
	url = {http://dl.acm.org/citation.cfm?id=2969033.2969125},
	acmid = {2969125},
	publisher = {MIT Press},
	address = {Cambridge, MA, USA},
} 
@article{deepfault,
	author    = {Hasan Ferit Eniser and
	Simos Gerasimou and
	Alper Sen},
	title     = {DeepFault: Fault Localization for Deep Neural Networks},
	journal   = {CoRR},
	volume    = {abs/1902.05974},
	year      = {2019},
	url       = {http://arxiv.org/abs/1902.05974},
	archivePrefix = {arXiv},
	eprint    = {1902.05974},
	timestamp = {Tue, 21 May 2019 18:03:39 +0200},
	biburl    = {https://dblp.org/rec/bib/journals/corr/abs-1902-05974},
	bibsource = {dblp computer science bibliography, https://dblp.org}
}
@inproceedings{42503,
	title	= {Intriguing properties of neural networks},
	author	= {Christian Szegedy and Wojciech Zaremba and Ilya Sutskever and Joan Bruna and Dumitru Erhan and Ian Goodfellow and Rob Fergus},
	year	= {2014},
	URL	= {http://arxiv.org/abs/1312.6199},
	booktitle	= {International Conference on Learning Representations}
}


